@article{Nummelin_2017,
  doi = {10.1002/2016gl071333},
  url = {https://doi.org/10.1002%2F2016gl071333},
  year = {2017},
  author = {Aleksi Nummelin and Camille Li and Paul J. Hezel},
  title = {{Connecting ocean heat transport changes from the midlatitudes to the Arctic Ocean}},
  journal = {Geophysical Research Letters},
}
